% $Id: biblio.example.bib,v 1.1.1.1 2004/09/02 23:03:40 nico Exp $
%%%%%%%%%%%%%%%%%%%%%%%%%%%%%%%%%%%%%
%% Base Bibliográfica
%% Copyright 2003 Dehon Charles Regis Nogueira.
%% Este documento é distribuído nos termos da licença
%% descrita no arquivo LICENCA que o acompanha.
%%%%%%%%%%%%%%%%%%%%%%%%%%%%%%%%%%%%%

@booklet{von_Hippel,
author 		= {Arthur von Hippel},
title		= {Dielectrics and Waves},
edition = {2nd.},
publisher	= {Artech House},
address 	= {Boston - London},
year = {1954}}

@book{Mahan,
author		= {Bruce H. Mahan},
title		= {Química: um curso universitário},
edition		= {2ª},
publisher	= {Editora Edgard Blücher Ltda.},
address		= {São Paulo},
year		= {1972}}

@book{Bailey,
editor		= {A. E. Bailey},
title		= {Microwave Measurements},
edition		= {2nd.},
publisher	= {Peter Peregrinus Ltd.},
address		= {London, United Kingdom},
year		= {1989}}

@book{Anderson,
author		= {J. C. Anderson},
title		= {Dielectrics},
publisher	= {Reinhold Publishing Corporation},
address		= {New York},
year		= {1964}}

@book{Collin,
author		= {Robert E. Collin},
title		= {Foundations for Microwave Engineering},
edition		= {Second},
publisher	= {IEEE Press},
address		= {New York},
year		= {2001}}

@book{Smyth,
author		= {Charles Phelps Smyth},
title		= {Dilectric Behavior and Structure},
publisher	= {McGraw-Hill Book Company Inc.},
address		= {New York},
year		= {1955},
series		= {International Chemical Series}}

@book{Solymar,
author		= {L. Solymar and D. Walsh},
title		= {Electrical Properties of Materials},
edition		= {Sixth},
publisher	= {Oxford Science Publications},
address		= {Oxford},
year		= {1998}}

@article{Folgero,
author		= {Kjetil Folgero},
title		= {Broad-Band Dielectric Spectroscopy of Low-Permittivity Fluids Using One Measurement Cell},
journal		= {IEEE Transactions on Instrumentation and Measurement},
year		= {1998},
volume 		= {47},
number		= {4},
pages		= {881-885},
month		= {August}}

@manual{HP8714ET,
title		= {Agilent Technologies 8712ET and 8714ET RF Network Analyzers User's Guide},
organization 	= {Agilent Technologies},
address		= {USA},
month		= {June},
year		= {2000}}

@techreport{GasFAQ,
title		= {FAQ: Automotive Gasoline},
author		= {Bruce Hamilton},
institution	= {Industrial Research Limited},
year		= {1996},
note		= {Usenet Newsgroup: rec.autos.tech; Company URL: www.irl.cri.nz}}

@book{Schmidt,
author		= {Walfredo Schmidt},
title		= {Materiais Elétricos},
volume		= {2 Isolantes e Magnéticos},
publisher	= {Editora Edgard Blücher Ltda.},
year		= {1979},
address		= {São Paulo - SP}}

@unpublished{Sant'Ana,
author		= {Hosiberto Batista de Sant'Ana},
title		= {Engenharia de Refino de Petróleo},
note		= {Notas de aula da disciplina de Pós-Graduação em Engenharia e Ciência de Materiais da Universidade Federal do Ceará: Engenharia de Refino de Petróleo},
year		= {2001}}

@book{Portugues_Instrumental,
author		= {Dileta Silveira Martins and Lúbia Scliar Zilberknop},
title		= {Português Instrumental},
edition		= {22ª},
publisher	= {Editora Sagra Luzzatto},
year		= {2001},
address		= {Porto Alegre}}

@manual{Network_Analyzer_Basics,
title		= {Network Analyzer Basics},
organization 	= {Hewlett-Packard Company},
address		= {BALLO, D. Santa Rosa, California - USA},
year		= {1998}}

@book{Petroleum_Handbook_Shell,
editor		= {Shell},
title		= {The Petroleum Handbook},
edition		= {Sixth.},
publisher	= {Elsevier},
address		= {Amsterdam},
note		= {Compiled by staff of the Royal Dutch/Shell Group of Companies},
year		= {1983}}

@book{Petroleum_Refinery,
author		= {Wilbur L. Nelson},
title		= {Petroleum Refinery Engineering},
publisher	= {McGraw-Hill Kogakusha},
year		= {1958},
address		= {Tokyo},
series		= {McGraw-Hill series in chemical engineering}}

@book{Handbook_Refining_Processes,
editor		= {Robert A. Meyers},
title		= {Handbook of petroleum refining processes},
publisher	= {McGraw-Hill},
year		= {1997},
edition		= {2nd.},
address		= {USA}}

@book{Callister,
author		= {Callister, Jr, William D.},
title		= {Materials science and engineering: an introduction},
publisher	= {John Wiley \& Sons},
edition		= {4th.},
year		= {1997},
address		= {USA}}

@manual{Portaria309_ANP,
title		= {Portaria Nº 309},
organization 	= {ANP},
month 	= {27 de dezembro de},
year		= {2001}}

@article{Bao,
author		= {Jian-Zhong Bao and Mays L. Swicord and Christopher C. Davis},
title		= {Microwave dielectric characterization of binary mixtures of water, methanol, and ethanol},
journal		= {J. Chem. Phys.},
year		= {1996},
volume 		= {104},
number		= {12},
pages		= {4441-4450},
month		= {22 March}}

@article{Chew,
author		= {Weng Cho Chew and Kenneth J. Olp and Gregory P. Otto},
title		= {Design and Calibration of a Large Broadband Dielectric Mesurement Cell},
journal		= {IEEE Transactions on Geoscience and Remote Sensing},
year		= {1991},
volume 		= {29},
number		= {1},
pages		= {42-47},
month		= {January}}

@article{Cole_1941,
author		= {Kenneth S. Cole and Robert H. Cole},
title		= {Dispersion and Absortion in Dielectrics},
journal		= {Journal of Chemical Physics},
year		= {1941},
volume 		= {9},
pages		= {341-351},
month		= {April}}

@article{Cole_1989,
author		= {R. H. Cole and J. G. Berberian and S. Mashimo and G. Chryssikos and A. Burns},
title		= {Time domain reflection methods for dielectric measurements to 10 $GHz$},
journal		= {J. Appl. Phys.},
year		= {1989},
volume 		= {66},
number		= {2},
pages		= {793-802},
month		= {July}}

@article{Folgero_1996,
author		= {Kjetil Folgero},
title		= {Bilinear calibration of coaxial transmission/reflection cells for permittivity measurement of low-loss liquids},
journal		= {Meas. Sci. Technol.},
year		= {1996},
number		= {7},
pages		= {1260-1269}}

@article{Baker-Jarvis_1990,
author		= {James Baker-Jarvis and Eric J. Vanzura and William A. Kissick},
title		= {Improved Technique for Determining Complex Permittivity with the Transmission/Reflectin Method},
journal		= {IEEE Transactions on Microwave Theory and Techniques},
year		= {1990},
volume 		= {38},
number		= {8},
pages		= {1096-1103},
month		= {August}}

@article{Folgero_1995,
author		= {Kjetil Folgero and T. Friiso and J. Hilland and T. Tjomsland},
title		= {A broad-band and high sensitivity dielectric spectroscopy measurement system for quality determination of low-permittivity fluids},
journal		= {Meas. Sci. Technol.},
year		= {1998},
number		= {6},
pages		= {995-1008}}

@article{Tjomsland,
author		= {Tore Tjomsland and Jannicke Hilland and Alfred A. Christy and Johan Sjöblom and Mona Riis and Trond Friiso and Kjetil Folgero},
title		= {Comparison of infrared and impedance spectra of petroleum fractions},
journal		= {Fuel},
year		= {1996},
volume 		= {75},
number		= {3},
pages		= {322-332}}

@article{Baker-Jarvis_1994,
author		= {James Baker-Jarvis and Michael D. Janezic and Paul D. Domich and Richard G. Geyer},
title		= {Analysis of an Open-Ended Coaxial Probe with Lift-Off for Nondestructive Testing},
journal		= {IEEE Transactions on Instrumentation and Measurement},
year		= {1994},
volume 		= {43},
number		= {5},
pages		= {711-718},
month		= {October}}

@article{Baker-Jarvis,
author		= {James Baker-Jarvis and Michael D. Janezic and Chris A. Jones},
title		= {Shielded Open-Circuited Sample Holder for Dielectric Measurements of Solids and Liquids},
journal		= {IEEE Transactions on Instrumentation and Measurement},
year		= {1998},
volume 		= {47},
number		= {2},
pages		= {338-344},
month		= {April}}

@article{Jenkins,
author		= {S. Jenkins and A. W. Preece and T. E. Hodgetts and G. T. Symm and A. G. P. Warham and R. N. Clarke},
title		= {Comparison of Three Numerical Treatments for the Open-Ended Coaxial Line Sensor},
journal		= {Electronic Letters},
year		= {1990},
volume 		= {26},
number		= {4},
pages		= {234-236},
month		= {15th February}}

@article{Baker-Jarvis_1996,
author		= {James Baker-Jarvis and Michael D. Janezic},
title		= {Analysis of a Two-Port Flanged Coaxial Holder for Shielding Effectiveness and Dielectric Measurements of Thin Films and Thin Materials},
journal		= {IEEE Transactions on Electromagnetic Compatibility},
year		= {1996},
volume 		= {38},
number		= {1},
pages		= {67-70},
month		= {February}}

@manual{Petroportal,
title		= {Petroportal},
organization 	= {Petrogate Trade Center S/C Ltda.},
address		= {http://www.petroportal.com.br},
year		= {2002}}

@manual{PortalBr,
title		= {Portal Br},
organization 	= {Petrobrás Distribuidora S.A.},
address		= {http://www.br.com.br},
year		= {2002}}

@book{Orear,
author		= {Jay Orear},
title		= {Física},
publisher	= {Livros Técnicos e Científicos Editora S.A.},
edition		= {1ª},
year		= {1971},
address		= {Rio de Janeiro}}

@manual{ASI_Instr,
title		= {Dielectric Constant Reference Guide},
organization 	= {ASI Instruments Inc.},
address		= {http://www.asiinstr.com/dc1.html},
year		= {2002}}

@techreport{AbnTeX,
title		= {Classe ABNT: confecção de trabalhos acadêmicos em \LaTeX segundo as normas ABNT},
author		= {Miguel Vinícius Santini Frasson},
institution	= {Grupo \AbnTeX},
address = {http://abntex.codigolivre.org.br},
year		= {2002},
note		= {Versão 1}}

@techreport{Essential_LaTeX,
title		= {Essential \LaTeX ++},
author		= {Jon Warbrick and David Carslile and Michel Goossens and Sebastian Rahtz and Adrian Clark},
year		= {1994}}

@techreport{Latex_Demo,
title		= {\LaTeX demo: Exemplos com \LaTeXe},
author		= {Klaus Steding Jessen},
address = {jessen@acm.org},
year		= {2001},
note		= {Versão: 1.13}}

@book{Electroceramics,
author		= {A. J. Moulson and J. M. Herbert},
title		= {Electroceramics: Materials - Properties - Applications},
publisher	= {Chapman \& Hall},
year		= {1990},
address		= {London}}
